<record><leader>00000cas a2200000 a 4500</leader><controlfield tag="001">14961576</controlfield><controlfield tag="008">861212c18799999tnucr ne      0   a0eng d</controlfield><datafield ind1=" " ind2=" " tag="010"><subfield code="a">sn 86090474 </subfield></datafield><datafield ind1=" " ind2=" " tag="040"><subfield code="a">PPM</subfield><subfield code="b">eng</subfield><subfield code="c">PPM</subfield><subfield code="d">KNP</subfield><subfield code="d">TGN</subfield><subfield code="d">OCL</subfield><subfield code="d">OCLCQ</subfield><subfield code="d">OCLCF</subfield><subfield code="d">DLC</subfield></datafield><datafield ind1="0" ind2=" " tag="022"><subfield code="a">2374-2062</subfield><subfield code="2">1</subfield></datafield><datafield ind1=" " ind2=" " tag="042"><subfield code="a">msc</subfield><subfield code="a">nsdp</subfield></datafield><datafield ind1=" " ind2=" " tag="043"><subfield code="a">n-us-tn</subfield></datafield><datafield ind1="0" ind2="0" tag="050"><subfield code="a">Newspaper</subfield></datafield><datafield ind1="0" ind2="0" tag="082"><subfield code="a">071</subfield><subfield code="2">23</subfield></datafield><datafield ind1="0" ind2=" " tag="130"><subfield code="a">Southern standard (McMinnville, Tenn.)</subfield></datafield><datafield ind1=" " ind2="0" tag="222"><subfield code="a">Southern standard</subfield><subfield code="b">(McMinnville, Tenn. Print)</subfield></datafield><datafield ind1="1" ind2="0" tag="245"><subfield code="a">Southern standard.</subfield></datafield><datafield ind1=" " ind2=" " tag="260"><subfield code="a">McMinnville, Tenn. :</subfield><subfield code="b">Standard Pub. Co.</subfield></datafield><datafield ind1=" " ind2=" " tag="310"><subfield code="a">Three times a week,</subfield><subfield code="b">July 29, 1977-</subfield></datafield><datafield ind1=" " ind2=" " tag="321"><subfield code="a">Semiweekly,</subfield><subfield code="b">Feb. 7, 1956-July 27, 1977</subfield></datafield><datafield ind1=" " ind2=" " tag="321"><subfield code="a">Weekly,</subfield><subfield code="b">&lt;Feb. 21, 1880&gt;-Feb. 2, 1956</subfield></datafield><datafield ind1="1" ind2=" " tag="362"><subfield code="a">Began in 1879?</subfield></datafield><datafield ind1=" " ind2=" " tag="500"><subfield code="a">Publishers: A.M. Burney &amp; Co., &lt;1880&gt;-1882 ; Southern Standard Pub. Co., 1882-1885; R.M. Reams, 1885-&lt;1919&gt; ; R.M. Reams &amp; Gordon Gribble, &lt;1920&gt;-1924; Thos. C. Price, &lt;1924&gt;; Southern Print. Co., &lt;1926&gt;-1964; J.R. White, 1964-1974; Standard Pub. Co., 1974-</subfield></datafield><datafield ind1=" " ind2=" " tag="530"><subfield code="a">Archived issues are available in digital format from the Library of Congress Chronicling America online collection.</subfield></datafield><datafield ind1=" " ind2=" " tag="588"><subfield code="a">Description based on: Nov. 22, 1879.</subfield></datafield><datafield ind1=" " ind2="0" tag="651"><subfield code="a">McMinnville (Tenn.)</subfield><subfield code="v">Newspapers.</subfield></datafield><datafield ind1=" " ind2="0" tag="651"><subfield code="a">Warren County (Tenn.)</subfield><subfield code="v">Newspapers.</subfield></datafield><datafield ind1=" " ind2="7" tag="651"><subfield code="a">Tennessee</subfield><subfield code="z">McMinnville.</subfield><subfield code="2">fast</subfield><subfield code="0">(OCoLC)fst01276404</subfield></datafield><datafield ind1=" " ind2="7" tag="651"><subfield code="a">Tennessee</subfield><subfield code="z">Warren County.</subfield><subfield code="2">fast</subfield><subfield code="0">(OCoLC)fst01215071</subfield></datafield><datafield ind1=" " ind2="7" tag="655"><subfield code="a">Newspapers.</subfield><subfield code="2">fast</subfield><subfield code="0">(OCoLC)fst01423814</subfield></datafield><datafield ind1=" " ind2=" " tag="752"><subfield code="a">United States</subfield><subfield code="b">Tennessee</subfield><subfield code="c">Warren</subfield><subfield code="d">McMinnville.</subfield></datafield><datafield ind1="0" ind2="8" tag="776"><subfield code="i">Online version:</subfield><subfield code="t">Southern standard (McMinnville, Tenn. : Online)</subfield><subfield code="x">2374-2070</subfield><subfield code="w">(DLC)  2014218467</subfield></datafield><datafield ind1="0" ind2="5" tag="780"><subfield code="t">McMinnville leader</subfield><subfield code="g">Jan. 6, 1927</subfield><subfield code="w">(DLC)sn 99065759</subfield></datafield><datafield ind1="0" ind2="5" tag="780"><subfield code="t">Warren County tribune (McMinnville, Tenn.)</subfield><subfield code="g">Feb. 1974</subfield><subfield code="w">(DLC)sn 99065761</subfield></datafield><datafield ind1="4" ind2="1" tag="856"><subfield code="u">http://www.loc.gov/chroniclingamerica/lccn/sn86090474/issues</subfield></datafield><datafield ind1="1" ind2=" " tag="029"><subfield code="a">AU@</subfield><subfield code="b">000020037365</subfield></datafield></record>